<?xml version="1.0" encoding="UTF-8"?><collection xmlns="http://www.loc.gov/MARC21/slim"><record><leader>00605nam--2200205-i-4500</leader><controlfield tag="001">000041084</controlfield><controlfield tag="002">20161230</controlfield><controlfield tag="005">20161230201043</controlfield><controlfield tag="008">060222s1000------------r-----000-0-eng-d</controlfield><datafield ind1=" " ind2=" " tag="040"><subfield code="a">IFIN-HH</subfield></datafield><datafield ind1=" " ind2=" " tag="080"><subfield code="a">53:378</subfield></datafield><datafield ind1="1" ind2=" " tag="100"><subfield code="a">Sears, Francis Weston</subfield></datafield><datafield ind1="1" ind2="0" tag="245"><subfield code="a">College physics</subfield><subfield code="c">Francis weston sears, mark w. zemansky</subfield></datafield><datafield ind1=" " ind2=" " tag="250"><subfield code="a">Third Edition</subfield></datafield><datafield ind1=" " ind2=" " tag="260"><subfield code="a">Reading, Massachusetts</subfield><subfield code="b">Addison-wesleyl Publishing Company, Inc</subfield><subfield code="c">1969</subfield></datafield><datafield ind1=" " ind2=" " tag="300"><subfield code="a">XXIII+1024P</subfield></datafield><datafield ind1=" " ind2=" " tag="490"><subfield code="a">Addison-wesley World Student Series Edition</subfield></datafield><datafield ind1="1" ind2=" " tag="700"><subfield code="a">Zemansky, M. W</subfield></datafield><datafield ind1=" " ind2=" " tag="852"><subfield code="a">34963</subfield><subfield code="c">53</subfield></datafield><datafield ind1=" " ind2=" " tag="CAT"><subfield code="a">Sys</subfield><subfield code="c">20150310</subfield><subfield code="h">114439</subfield></datafield></record></collection>